<record><leader>00000cas a2200000 a 4500</leader><controlfield tag="001">13517260</controlfield><controlfield tag="008">860501d18521857inuwr ne      0    0eng c</controlfield><datafield ind1=" " ind2=" " tag="010"><subfield code="a">sn 86058523 </subfield></datafield><datafield ind1=" " ind2=" " tag="040"><subfield code="a">NPI</subfield><subfield code="b">eng</subfield><subfield code="c">NPI</subfield><subfield code="d">CNK</subfield><subfield code="d">CUI</subfield><subfield code="d">OCLCQ</subfield><subfield code="d">OCLCF</subfield></datafield><datafield ind1=" " ind2=" " tag="042"><subfield code="a">pcc</subfield></datafield><datafield ind1=" " ind2=" " tag="043"><subfield code="a">n-us-in</subfield></datafield><datafield ind1=" " ind2="4" tag="050"><subfield code="a">AN</subfield></datafield><datafield ind1="0" ind2=" " tag="130"><subfield code="a">Practical observer (Valparaiso, Ind. : 1852)</subfield></datafield><datafield ind1="1" ind2="0" tag="245"><subfield code="a">Practical observer.</subfield></datafield><datafield ind1="3" ind2="0" tag="246"><subfield code="a">Weekly and semi-weekly practical observer</subfield></datafield><datafield ind1="3" ind2="0" tag="246"><subfield code="a">Daily, semi-weekly, and weekly practical observer</subfield></datafield><datafield ind1=" " ind2=" " tag="260"><subfield code="a">Valparaiso, Porter County, Ind. :</subfield><subfield code="b">William C. Talcott,</subfield><subfield code="c">1852-1857.</subfield></datafield><datafield ind1=" " ind2=" " tag="300"><subfield code="a">v. :</subfield><subfield code="b">ill. (chiefly advertisements)</subfield></datafield><datafield ind1=" " ind2=" " tag="310"><subfield code="a">Weekly</subfield></datafield><datafield ind1="0" ind2=" " tag="362"><subfield code="a">Vol. 3, no. 34 (Mar. 22, 1852)-v. 5, no. 14 (Apr. 7, 1857).</subfield></datafield><datafield ind1=" " ind2=" " tag="500"><subfield code="a">For short periods of time when new frequencies were initiated the masthead included a statement of the frequencies.</subfield></datafield><datafield ind1=" " ind2=" " tag="500"><subfield code="a">Published also: Jan. 1853-Jan. 1856 in a twice-weekly edition as well as Sept. 1853-Jan. 1856 in a daily edition; beginning in Jan. 1856 the daily was dropped and the twice-weekly edition changed to a tri-weekly. Cf. Miller, John W. Indiana newspaper bibliog.</subfield></datafield><datafield ind1=" " ind2=" " tag="500"><subfield code="a">Began as a Democratic party paper; became an advocate of the People's (Republican)--party in the mid-1850's. Cf. Miller.</subfield></datafield><datafield ind1=" " ind2=" " tag="515"><subfield code="a">Began "New Series" numbering in Jan. 1853 when the new editions were started.</subfield></datafield><datafield ind1=" " ind2="0" tag="651"><subfield code="a">Valparaiso (Ind.)</subfield><subfield code="v">Newspapers.</subfield></datafield><datafield ind1=" " ind2="0" tag="651"><subfield code="a">Porter County (Ind.)</subfield><subfield code="v">Newspapers.</subfield></datafield><datafield ind1=" " ind2="7" tag="655"><subfield code="a">Newspapers.</subfield><subfield code="2">fast</subfield><subfield code="0">(OCoLC)fst01423814</subfield></datafield><datafield ind1=" " ind2="7" tag="651"><subfield code="a">Indiana</subfield><subfield code="z">Porter County.</subfield><subfield code="2">fast</subfield><subfield code="0">(OCoLC)fst01215718</subfield></datafield><datafield ind1=" " ind2="7" tag="651"><subfield code="a">Indiana</subfield><subfield code="z">Valparaiso.</subfield><subfield code="2">fast</subfield><subfield code="0">(OCoLC)fst01210544</subfield></datafield><datafield ind1=" " ind2=" " tag="752"><subfield code="a">United States</subfield><subfield code="b">Indiana</subfield><subfield code="c">Porter</subfield><subfield code="d">Valparaiso.</subfield></datafield><datafield ind1="0" ind2="0" tag="780"><subfield code="t">Valparaiso practical observer</subfield><subfield code="w">(DLC)sn 86058524</subfield><subfield code="w">(OCoLC)13517226</subfield></datafield><datafield ind1="0" ind2="0" tag="785"><subfield code="t">Republican (Valparaiso, Ind. : 1857)</subfield></datafield></record>